@ARTICLE{jain:imagereranking,
  author = "Vidit Jain and Manik Varma",
  title = "Learning to Re-Rank: Query-Dependent Image Re-Ranking Using Click Data",
  journal = "International World Wide Web Conference",
  month = "March",
  year = {2011},
}
@inproceedings{kato:geosearch,
  author = {Makoto P. Kato and Hiroaki Ohshima and Satoshi Oyama and Katsumi Tanaka},
  title = {{Search as if you were in your home town: geographic search by regional context and dynamic feature-space selection}},
  booktitle = {International Conference on Information and Knowledge Management},
  year = {2010},
  pages = {1541--1544},
  doi = {10.1145/1871437.1871667},
  masid = {39226261}
}
@inproceedings{kun2007,
  author = {Mei Kun and Bian Fuling},
  title = {{An Ontology-Based Approach for Geographic Information Retrieval on the Web}},
  booktitle = {International Conference on Wireless Communications, Networking and Mobile Computing},
  year = {2007},
  doi = {10.1109/WICOM.2007.1461},
  masid = {50583907}
}
@article{globasekom,
  author = {Aleksandra Kova and Nicolas Liebau and Ralf Steinmetz},
  title = {{Globase.KOM - A Peer-to-Peer Overlay for Fully Retrievable Location-based Search}},
  masid = {6324842}
}
@inproceedings{ganu2009,
  author = {Gayatree Ganu and Noemie Elhadad and Am√©lie Marian},
  title = {{Beyond the Stars: Improving Rating Predictions using Review Text Content}},
  booktitle = {International Workshop on the Web and Databases},
  year = {2009},
  masid = {6052035}
}
@article{xiang2010,
  title = "Role of social media in online travel information search",
  journal = "Tourism Management",
  volume = "31",
  number = "2",
  pages = "179 - 188",
  year = "2010",
  note = "",
  issn = "0261-5177",
  doi = "10.1016/j.tourman.2009.02.016",
  url = "http://www.sciencedirect.com/science/article/pii/S0261517709000387",
  author = "Zheng Xiang and Ulrike Gretzel",
  keywords = "Social media",
  keywords = "Search engine",
  keywords = "Travel information search",
  keywords = "Online tourism domain",
  keywords = "Internet marketing"
}
@inproceedings{xue2004,
  author = {Gui-Rong Xue and Hua-Jun Zeng and Zheng Chen and Yong Yu and Wei-Ying Ma and WenSi Xi and WeiGuo Fan},
  title = {{Optimizing web search using web click-through data}},
  booktitle = {International Conference on Information and Knowledge Management},
  year = {2004},
  pages = {118--126},
  doi = {10.1145/1031171.1031192},
  masid = {1237410}
}
@article{luca2011reviews,
  title={Reviews, reputation, and revenue: The case of Yelp. com},
  author={Luca, M.},
  journal={Com (September 16, 2011). Harvard Business School NOM Unit Working Paper},
  number={12-016},
  year={2011}
}
@article{lalamine,
  title={Mine \& Dine},
  author={Lala, K.K. and Davidson, S.}
}
@techreport{chevalier2003effect,
  title={The effect of word of mouth on sales: Online book reviews},
  author={Chevalier, J.A. and Mayzlin, D.},
  year={2003},
  institution={National Bureau of Economic Research}
}
@inproceedings{bao2007,
  author = {Shenghua Bao and Gui-rong Xue and Xiaoyuan Wu and Yong Yu and Ben Fei and Zhong Su},
  title = {{Optimizing web search using social annotations}},
  booktitle = {World Wide Web Conference Series},
  year = {2007},
  pages = {501--510},
  doi = {10.1145/1242572.1242640},
  masid = {4117476}
}
@inproceedings{Pang:2004:SES:1218955.1218990,
  author = {Pang, Bo and Lee, Lillian},
  title = {A sentimental education: sentiment analysis using subjectivity summarization based on minimum cuts},
  booktitle = {Proceedings of the 42nd Annual Meeting on Association for Computational Linguistics},
  series = {ACL '04},
  year = {2004},
  location = {Barcelona, Spain},
  articleno = {271},
  url = {http://dx.doi.org/10.3115/1218955.1218990},
  doi = {10.3115/1218955.1218990},
  acmid = {1218990},
  publisher = {Association for Computational Linguistics},
  address = {Stroudsburg, PA, USA},
} 
@inproceedings{nasukawa2003,
  author = {Tetsuya Nasukawa and Jeonghee Yi},
  title = {{Sentiment Analysis: {C}apturing Favorability using Natural Language Processing}},
  booktitle = {International Conference on Knowledge Capture},
  year = {2003},
  pages = {70--77},
  doi = {10.1145/945645.945658},
  masid = {908753}
}
@book{carrillo2011,
  author = {Jorge Carrillo-de-Albornoz and Laura Plaza and Pablo Gervas and Alberto Diaz},
  title = {{A Joint Model of Feature Mining and Sentiment Analysis for Product Review Rating}},
  booktitle = {European Colloquium on IR Research},
  year = {2011},
  pages = {55--66},
  doi = {10.1007/978-3-642-20161-5_8},
  masid = {39262551}
}
@book{shamshurin,
  author = {Ivan Shamshurin},
  title = {{Data Representation in Machine Learning-Based Sentiment Analysis of Customer Reviews}},
  doi = {10.1007/978-3-642-21786-9_42},
  masid = {48844883}
}
@inproceedings{kawamae2011,
  author = {Noriaki Kawamae},
  title = {{Predicting future reviews: sentiment analysis models for collaborative filtering}},
  booktitle = {Web Search and Data Mining},
  year = {2011},
  pages = {605--614},
  doi = {10.1145/1935826.1935911},
  masid = {39248324}
}
@inproceedings{mapreduce,
  author = {Jeffrey Dean and Sanjay Ghemawat},
  title = {{MapReduce: Simplied Data Processing on Large Clusters}},
  booktitle = {Operating Systems Design and Implementation},
  year = {2004},
  pages = {137--150},
  masid = {1812573}
}
@inproceedings{dave2003,
  author = {Kushal Dave and Steve Lawrence and David M. Pennock},
  title = {{Mining the peanut gallery: opinion extraction and semantic classification of product reviews}},
  booktitle = {World Wide Web Conference Series},
  year = {2003},
  pages = {519--528},
  doi = {10.1145/775152.775226},
  masid = {29929}
}
@inproceedings{morinaga2002,
  author = {Satoshi Morinaga and Kenji Yamanishi and Kenji Tateishi and Toshikazu Fukushima},
  title = {{Mining product reputations on the {W}eb}},
  booktitle = {Knowledge Discovery and Data Mining},
  year = {2002},
  pages = {341--349},
  doi = {10.1145/775047.775098},
  masid = {473935}
}
@inproceedings{sarwar2001,
  author = {Badrul M. Sarwar and George Karypis and Joseph A. Konstan and John Reidl},
  title = {{Item-based collaborative filtering recommendation algorithms}},
  booktitle = {World Wide Web Conference Series},
  year = {2001},
  pages = {285--295},
  doi = {10.1145/371920.372071},
  masid = {124971}
}
@inproceedings{richardson2006,
  author = {Matthew Richardson and Amit Prakash and Eric Brill},
  title = {{Beyond PageRank: machine learning for static ranking}},
  booktitle = {World Wide Web Conference Series},
  year = {2006},
  pages = {707--715},
  doi = {10.1145/1135777.1135881},
  masid = {2164856}
}
@article{pagerank,
  author = {Lawrence Page and Sergey Brin and Rajeev Motwani and Terry Winograd},
  title = {{The PageRank Citation Ranking: Bringing Order to the Web}},
  year = {1998},
  masid = {224857}
}
@inproceedings{dalvi2004,
  author = {Nilesh N. Dalvi and Pedro Domingos and Mausam Sumit and Sumit K. Sanghai and Deepak Verma},
  title = {{Adversarial Classification}},
  booktitle = {Knowledge Discovery and Data Mining},
  year = {2004},
  pages = {99--108},
  doi = {10.1145/1014052.1014066},
  masid = {908786}
}
@inproceedings{craswell2005,
  author = {Nick Craswell and Stephen E. Robertson and Hugo Zaragoza and Michael J. Taylor},
  title = {{Relevance weighting for query independent evidence}},
  booktitle = {Research and Development in Information Retrieval},
  year = {2005},
  pages = {416--423},
  doi = {10.1145/1076034.1076106},
  masid = {1842351}
}
@article{upstill2003,
  author = {Trystan Upstill and Nick Craswell and David Hawking},
  title = {{Query-independent evidence in home page finding}},
  journal = {ACM Transactions on Information Systems},
  volume = {21},
  year = {2003},
  pages = {286--313},
  issue = {3},
  doi = {10.1145/858476.858479},
  masid = {804206}
}
@inproceedings{cho2005,
  author = {Junghoo Cho and Sourashis Roy and Robert E. Adams},
  title = {{Page quality: in search of an unbiased web ranking}},
  booktitle = {International Conference on Management of Data},
  year = {2005},
  pages = {551--562},
  doi = {10.1145/1066157.1066220},
  masid = {1856410}
}
@inproceedings{cho2004,
  author = {Junghoo Cho and Sourashis Roy},
  title = {{Impact of search engines on page popularity}},
  booktitle = {World Wide Web Conference Series},
  year = {2004},
  pages = {20--29},
  doi = {10.1145/988672.988676},
  masid = {924137}
}
@inproceedings{burges2005,
  author = {Christopher J. C. Burges and Tal Shaked and Erin Renshaw and Ari Lazier and Matt Deeds and Nicole Hamilton and Gregory N. Hullender},
  title = {{Learning to rank using gradient descent}},
  booktitle = {International Conference on Machine Learning},
  year = {2005},
  pages = {89--96},
  doi = {10.1145/1102351.1102363},
  masid = {1800972}
}
@article{boyan,
  author = {Justin Boyan and Dayne Freitag and Thorsten Joachims},
  title = {{A Machine Learning Architecture for Optimizing Web Search Engines}},
  year = {1996},
  masid = {405985}
}
@inproceedings{bartell1994,
  author = {Brian T. Bartell and Garrison W. Cottrell and Richard K. Belew},
  title = {{Automatic combination of multiple ranked retrieval systems}},
  booktitle = {Research and Development in Information Retrieval},
  year = {1994},
  pages = {173--181},
  masid = {631123}
}
@inproceedings{amento2000,
  author = {Brian Amento and Loren G. Terveen and William C. Hill},
  title = {{Does authority mean quality? predicting expert quality ratings of Web documents}},
  booktitle = {Research and Development in Information Retrieval},
  year = {2000},
  pages = {296--303},
  doi = {10.1145/345508.345603},
  masid = {156670}
}



%%%%%%%%%%%%%%%%%%%%%%%%%%%
@ARTICLE{bowman:reasoning,
	AUTHOR = "Mic Bowman and Saumya K. Debray and Larry L. Peterson",
	TITLE = "Reasoning About Naming Systems",
	JOURNAL = "ACM Trans. Program. Lang. Syst.",
	VOLUME = {15},
	NUMBER = {5},
	PAGES = {795-825},
	MONTH = "November",
	YEAR = {1993}	}

@ARTICLE{braams:babel,
	AUTHOR = "Johannes Braams",
	TITLE = "Babel, a Multilingual Style-Option System for Use with LaTeX's Standard Document Styles",
	JOURNAL = {TUGboat},
	VOLUME = {12},
	NUMBER = {2},
	PAGES = {291-301},
	MONTH = "June",
	YEAR = {1991}	}

@INPROCEEDINGS{clark:pct,
	AUTHOR = "Malcolm Clark",
	TITLE = "Post Congress Tristesse",
	BOOKTITLE = "TeX90 Conference Proceedings",
	PAGES = "84-89",
	ORGANIZATION = "TeX Users Group",
	MONTH = "March", 
	YEAR = {1991}	}

@ARTICLE{herlihy:methodology,
	AUTHOR = "Maurice Herlihy",
	TITLE = "A Methodology for Implementing Highly Concurrent
	Data Objects",
	JOURNAL = {ACM Trans. Program. Lang. Syst.},
	VOLUME = {15},
	NUMBER = {5},
	PAGES = {745-770},
	MONTH = "November",
	YEAR = {1993}	}

@BOOK{Lamport:LaTeX,
	AUTHOR = "Leslie Lamport",
	TITLE = "LaTeX User's Guide and Document Reference Manual",
	PUBLISHER = "Addison-Wesley Publishing Company",
	ADDRESS = "Reading, Massachusetts",
	YEAR = "1986"	}

@BOOK{salas:calculus,
	AUTHOR = "S.L. Salas and Einar Hille",
	TITLE = "Calculus: One and Several Variable",
	PUBLISHER = "John Wiley and Sons",
	ADDRESS = "New York",
	YEAR = "1978"	}

@inproceedings{cao2007learning,
  title={Learning to rank: from pairwise approach to listwise approach},
  author={Cao, Zhe and Qin, Tao and Liu, Tie-Yan and Tsai, Ming-Feng and Li, Hang},
  booktitle={Proceedings of the 24th international conference on Machine learning},
  pages={129--136},
  year={2007},
  organization={ACM}
}

@inproceedings{radlinski2005query,
  title={Query chains: learning to rank from implicit feedback},
  author={Radlinski, Filip and Joachims, Thorsten},
  booktitle={Proceedings of the eleventh ACM SIGKDD international conference on Knowledge discovery in data mining},
  pages={239--248},
  year={2005},
  organization={ACM}
}

@inproceedings{liu2007letor,
  title={Letor: Benchmark dataset for research on learning to rank for information retrieval},
  author={Liu, Tie-Yan and Xu, Jun and Qin, Tao and Xiong, Wenying and Li, Hang},
  booktitle={Proceedings of SIGIR 2007 workshop on learning to rank for information retrieval},
  pages={3--10},
  year={2007}
}

@inproceedings{xia2008listwise,
  title={Listwise approach to learning to rank: theory and algorithm},
  author={Xia, Fen and Liu, Tie-Yan and Wang, Jue and Zhang, Wensheng and Li, Hang},
  booktitle={Proceedings of the 25th international conference on Machine learning},
  pages={1192--1199},
  year={2008},
  organization={ACM}
}

@inproceedings{duan2010empirical,
  title={An empirical study on learning to rank of tweets},
  author={Duan, Yajuan and Jiang, Long and Qin, Tao and Zhou, Ming and Shum, Heung-Yeung},
  booktitle={Proceedings of the 23rd International Conference on Computational Linguistics},
  pages={295--303},
  year={2010},
  organization={Association for Computational Linguistics}
}

@inproceedings{agarwal2006learning,
  title={Learning to rank networked entities},
  author={Agarwal, Alekh and Chakrabarti, Soumen and Aggarwal, Sunny},
  booktitle={Proceedings of the 12th ACM SIGKDD international conference on Knowledge discovery and data mining},
  pages={14--23},
  year={2006},
  organization={ACM}
}

@inproceedings{kulis2006learning,
  title={Learning low-rank kernel matrices},
  author={Kulis, Brian and Sustik, M{\'a}ty{\'a}s and Dhillon, Inderjit},
  booktitle={Proceedings of the 23rd international conference on Machine learning},
  pages={505--512},
  year={2006},
  organization={ACM}
}

